<?xml version="1.0" encoding="UTF-8"?><record xmlns="http://www.loc.gov/MARC21/slim" xmlns:cinclude="http://apache.org/cocoon/include/1.0" xmlns:zs="http://www.loc.gov/zing/srw/">
  <leader>00446cz  a2200121n  4500</leader>
  <controlfield tag="001">n 2008007639</controlfield>
  <controlfield tag="003">DLC</controlfield>
  <controlfield tag="005">20080201075957.0</controlfield>
  <controlfield tag="008">080131n| acannaabn          |n aaa      </controlfield>
  <datafield tag="010" ind1=" " ind2=" ">
    <subfield code="a">n 2008007639</subfield>
  </datafield>
  <datafield tag="040" ind1=" " ind2=" ">
    <subfield code="a">DLC</subfield>
    <subfield code="b">eng</subfield>
    <subfield code="c">DLC</subfield>
  </datafield>
  <datafield tag="100" ind1="1" ind2=" ">
    <subfield code="a">Rössler, Helmut,</subfield>
    <subfield code="d">1903-1982</subfield>
  </datafield>
  <datafield tag="670" ind1=" " ind2=" ">
    <subfield code="a">"Wie ein böser Traum-- ", 2006:</subfield>
    <subfield code="b">p. vi, etc. (Helmut Rössler, 1903-1982; Konsistorialrat, Ev. Konsistorium der Rheinprovinz, Evangelische Kirche der Altpreussischen Union)</subfield>
  </datafield>
</record>